@inproceedings{gent_recomputation.org_2014,
        title = {Recomputation.org: Experience of Its First Year and Lessons Learned},
            booktitle = {Recomputability 2014},
                author = {Gent, Ian P. and Kotthoff, Lars},
                    month = dec,
                        year = {2014}
}

@incollection{Wong2000a,
	Author = {Wong, J. W. and Evans, D. and Kock, A. W.},
	Booktitle = {Electronic Commerce Technology Trends: Challenges and Opportunities},
	Date-Added = {2015-01-02 00:54:27 +0000},
	Date-Modified = {2015-01-02 00:59:01 +0000},
	Editor = {Kou, Weidong and Yesha, Yelena},
	Isbn = {1583470093},
	Pages = {29--40},
	Publisher = {IBM Press},
	Title = {Caching and Multicast Delivery},
	Year = {2000}}

@inproceedings{crick-et-al_wssspe2,
	Author = {Tom Crick and Benjamin A. Hall and Samin Ishtiaq},
	Booktitle = {{Proceedings of 2nd International Workshop on Sustainable Software for Science: Practice and Experiences (WSSSPE2)}},
	Title = {{``Can I Implement Your Algorithm?'': A Model for Reproducible Research Software}},
	Year = {2014}}

@inproceedings{crick-et-al_recomp2014,
	Author = {Tom Crick and Benjamin A. Hall and Samin Ishtiaq and Kenji Takeda},
	Booktitle = {{Proceedings of 1st International Workshop on Recomputability}},
	Title = {{``Share and Enjoy'': Publishing Useful (and Usable) Scientific Models}},
	Year = {2014}}

@article{sandve-et-al:2013,
	Author = {{Geir Kjetil} Sandve and Anton Nekrutenko and James Taylor and Eivind Hovig},
	Journal = {{PLoS Computational Biology}},
	Number = {10},
	Title = {{Ten Simple Rules for Reproducible Computational Research}},
	Volume = {9},
	Year = {2013}}

@article{wilson-et-al:2014,
	Author = {Greg Wilson and D. A. Aruliah and {C. Titus} Brown and Neil P. {Chue Hong} and Matt Davis and Richard T. Guy and Steven H. D. Haddock and Kathryn D. Huff and Ian M. Mitchell and Mark D. Plumbley and Ben Waugh and Ethan P. White and Paul Wilson},
	Journal = {{PLoS Biology}},
	Number = {1},
	Title = {{Best Practices for Scientific Computing}},
	Volume = {12},
	Year = {2014}}

@article{barnes:2010,
	Author = {Nick Barnes},
	Journal = {Nature},
	Number = {753},
	Title = {Publish your computer code: it is good enough},
	Volume = {467},
	Year = {2010}}

@article{morin-et-al:2012,
	Author = {Morin, A. and Urban, J. and Adams, P. D. and Foster, I. and Sali, A. and Baker, D. and Sliz, P.},
	Journal = {Science},
	Number = {6078},
	Pages = {159--160},
	Title = {{Shining Light into Black Boxes}},
	Volume = {336},
	Year = {2012}}

@book{fermat:1637,
	Author = {Diophantus},
	Note = {Annotations by Pierre de Fermat},
	Title = {{Arithmetica}},
	Year = {1637}}

@Article{stodden+miguez:2014,
  author = 	 {Victoria Stodden and Sheila Miguez},
  title = 	 {{Best Practices for Computational Science: Software Infrastructure and Environments for Reproducible and Extensible Research}},
  journal = 	 {{Journal of Open Research Software}},
  year = 	 {2014},
  volume = 	 {2},
  number = 	 {1},
  pages = 	 {1--6}
}

@Article{goble:2014,
  author = 	 {Carole Goble},
  title = 	 {{Better Software, Better Research}},
  journal = 	 {{IEEE Internet Computing}},
  year = 	 {2014},
  volume = 	 {18},
  number = 	 {5},
  pages = 	 {4--8}
}

@Unpublished{gent:2013,
  author = 	 {Ian P. Gent},
  title = 	 {{The Recomputation Manifesto}},
  note = 	 {Available from: \url{http://arxiv.org/abs/1304.3674}},
  month = 	 {April},
  year = 	 {2013}
}

@article{prlic+procter:2012,
	Author = {Andreas Prli\'{c} and James B. Procter},
	Journal = {{PLoS Computational Biology}},
	Number = {8},
	Title = {{Ten Simple Rules for the Open Development of Scientific Software}},
	Volume = {12},
	Year = {2012}
}

@Article{joppa-et-al:2013,
  author = 	 {Lucas N. Joppa and Greg McInerny and Richard Harper and Lara Salido and Kenji Takeda and Kenton O'Hara and David Gavaghan and Stephen Emmott},
  title = 	 {{Troubling Trends in Scientific Software Use}},
  journal = 	 {Science},
  year = 	 {2013},
  volume = 	 {340},
  number = 	 {6134},
  pages = 	 {814--815}
}